% Encoding: UTF-8

@Misc{qrexapmle,
  author = {},
  title  = {QR Code Struktur Beispiel},
  month  = Juli,
  year   = {2020},
  url    = {https://de.wikipedia.org/wiki/Datei:QR_Code_Struktur_Beispiel.svg},
}
@Misc{dmcexample,
  author = {},
  title  = {Data Matrix Code},
  month  = Juli,
  year   = {2020},
  url    = {
https://de.wikipedia.org/wiki/DataMatrix-Code#/media/Datei:De-wiki_als_14x14_Data_Matrix_Code.png},
}
@Misc{matrix,
  author = {},
  title  = {Data Matrix Code vs QR code},
  month  = Februar,
  year   = {2013},
  url    = {http://www.datamatrixcode.net/data-matrix-code-vs-qr-code/},
}

@Comment{jabref-meta: databaseType:bibtex;}
